
%% IETF drafts, papers and other
@techreport{alvestrandOverview2012,
  title="Real Time Protocols for Brower-based Applications",
  author="H. Alvestrand",
  institution="IETF",
  year="2012",
  note="Also available in \url{http://tools.ietf.org/html/draft-ietf-rtcweb-overview-04}"
}

@booklet{akamaiq2,
  title="The State of the Internet, 2ND Quarter, 2012 Report",
  author="Akamai",
  year="2012"
}

@misc{steamStats,
  title="Steam Hardware and Software Survey",
  author="Steam",
  year="2012",
  month="October",
  note="Also available in \url{http://store.steampowered.com/hwsurvey}"
}

@misc{webrtcW3cgroup,
  title="Web Real-Time Communications Working Group",
  institution="W3C",
  year="2011",
  month="May",
  note="Also available in \url{http://www.w3.org/2011/04/webrtc/}"
}

@techreport{originalW3Cdraft,
  title="WebRTC 1.0: Real-time Communication Between Browsers",
  author="Adam Bergkvist, Daniel C. Burnett, Cullen Jennings and Anant Narayanan",
  institution="W3C",
  year="2011",
  month="October",
  note="Also available in \url{http://www.w3.org/TR/2011/WD-webrtc-20111027/}"
}

@misc{welcomeW3C,
  title="Welcome to the list!",
  institution="W3C",
  author="Harald Alvestrand",
  year="2011",
  month="April",
  note="Also available in \url{http://lists.w3.org/Archives/Public/public-webrtc/2011Apr/0001.html}"
}

@misc{webrtcIETFgroup,
  title="Real-Time Communication in WEB-browsers",
  institution="IETF",
  year="2011",
  month="May",
  note="Also available in \url{http://tools.ietf.org/wg/rtcweb/}"
}

@techreport{webrtcIETFcharter,
  title="Real-Time Communication in WEB-browsers charter",
  author="Magnus Westerlund, Cullen Jennings and Ted Hardie",
  institution="IETF",
  year="2011",
  month="May",
  note="Also available in \url{http://tools.ietf.org/wg/rtcweb/charters?item=charter-rtcweb-2011-05-03.txt}"
}

@techreport{curtcweb,
  title="Customizable, Ubiquitous Real Time Communication over the Web (CU-RTC-Web)",
  author="Bernard Adoba and Martin Thomson",
  institution="Microsoft",
  year="2012",
  month="August",
  note="Also available in \url{http://html5labs.interoperabilitybridges.com/cu-rtc-web/cu-rtc-web.htm}"
}

@misc{haraldpublicWebRTC,
  title="Google release of WebRTC source code",
  institution="W3C",
  year="2011",
  month="June",
  note="Also available in \url{http://lists.w3.org/Archives/Public/public-webrtc/2011May/0022.html}"
}

@misc{googleAnnouncement,
  title="Introducing WebRTC an open real-time communications project",
  institution="Google",
  author="Rian Liebenberg and Jan Linden",
  year="2011",
  month="April",
  note="Also available in \url{http://lists.w3.org/Archives/Public/public-webrtc/2011Apr/0001.html}"
}